<?xml version="1.0" encoding="UTF-8"?><collection xmlns="http://www.loc.gov/MARC21/slim"><record><leader>00393nam--2200133-i-4500</leader><controlfield tag="001">000004802</controlfield><controlfield tag="002">20161230</controlfield><controlfield tag="005">20161230201026</controlfield><controlfield tag="008">060222s1000------------r-----000-0-eng-d</controlfield><datafield ind1=" " ind2=" " tag="100"><subfield code="a">Bovey Frank A</subfield></datafield><datafield ind1=" " ind2=" " tag="245"><subfield code="a">The effects of ionizing radiation on natural and synthetic high polymers</subfield></datafield><datafield ind1=" " ind2=" " tag="260"><subfield code="a">New York, Interscience Publ., Inc., 1958 Xiii + 287 P</subfield></datafield><datafield ind1=" " ind2=" " tag="490"><subfield code="a">Polymer Reviews,</subfield></datafield><datafield ind1=" " ind2=" " tag="852"><subfield code="a">14599</subfield></datafield></record></collection>